
% Introduction to editorial on swarm robotics. Good background information and definitions
@article{spezzano2019special,
  title={{Special Issue ``Swarm Robotics"}},
  author={Spezzano, Giandomenico},
  journal={Applied Sciences},
  volume={9},
  number={7},
  pages={1474},
  year={2019},
  publisher={MDPI}
}

% 
@article{chen2022survey,
  title={{A Survey of Robot Swarmsâ€™ Relative Localization Method}},
  author={Chen, Siyuan and Yin, Dong and Niu, Yifeng},
  journal={Sensors},
  volume={22},
  number={12},
  pages={4424},
  year={2022},
  publisher={Multidisciplinary Digital Publishing Institute}
}

%
@article{calderon2022swarm,
  title={{Swarm Robotics: Simulators, Platforms and Applications Review}},
  author={Calder{\'o}n-Arce, Cindy and Brenes-Torres, Juan Carlos and Solis-Ortega, Rebeca},
  journal={Computation},
  volume={10},
  number={6},
  pages={80},
  year={2022},
  publisher={MDPI}
}

% Discusses Amazon warehouse robots and collaborative robot systems in warehouse enviornments
@article{poudel2013coordinating,
  title={{Coordinating hundreds of cooperative, autonomous robots in a warehouse}},
  author={Poudel, Dev Bahadur},
  publisher={Academia},
  volume={27},
  number={1-13},
  pages={26},
  year={2013}
}

% Reynolds' Boid algorithm paper
@inproceedings{reynolds1987flocks,
  title={{Flocks, herds and schools: A distributed behavioral model}},
  author={Reynolds, Craig W},
  booktitle={Proceedings of the 14th annual conference on Computer graphics and interactive techniques},
  pages={25--34},
  year={1987}
}

% Boid-Guidance-Algorithms. Boid extension for use in UAVs
@article{clark2012flight,
  title={{Flight test results for {UAVs} using boid guidance algorithms}},
  author={Clark, Jason B and Jacques, David R},
  journal={Procedia Computer Science},
  volume={8},
  pages={232--238},
  year={2012},
  publisher={Elsevier}
}

% Investigates performance of swarm algorithms in supervised and unsupervised learning of boids and Braitenberg
@inproceedings{kasmarik2020autonomous,
  title={{Autonomous recognition of collective behaviour in robot swarms}},
  author={Kasmarik, Kathryn and Abpeikar, Shadi and Khan, Md Mohiuddin and Khattab, Noha and Barlow, Michael and Garratt, Matt},
  booktitle={Australasian Joint Conference on Artificial Intelligence},
  pages={281--293},
  year={2020},
  organization={Springer}
}

% boids applied to the legs of a walking robot?
@inproceedings{jakimovski2008swarm,
  title={{Swarm intelligence for self-reconfiguring walking robot}},
  author={Jakimovski, Bojan and Meyer, Benjamin and Maehle, Erik},
  booktitle={2008 IEEE Swarm Intelligence Symposium},
  pages={1--8},
  year={2008},
  organization={IEEE}
}

%Safety critical systems
@inproceedings{knight2002safety,
  title={{Safety critical systems: Challenges and directions}},
  author={Knight, John C},
  booktitle={Proceedings of the 24th international conference on software engineering},
  pages={547--550},
  year={2002}
}

% Harvard Kilobot
@article{rubenstein2014kilobot,
  title={{Kilobot: A low cost robot with scalable operations designed for collective behaviors}},
  author={Rubenstein, Michael and Ahler, Christian and Hoff, Nick and Cabrera, Adrian and Nagpal, Radhika},
  journal={Robotics and Autonomous Systems},
  volume={62},
  number={7},
  pages={966--975},
  year={2014},
  publisher={Elsevier}
}


%Kilobot self aseembly shape formation
@article{rubenstein2014programmable,
  title={{Programmable self-assembly in a thousand-robot swarm}},
  author={Rubenstein, Michael and Cornejo, Alejandro and Nagpal, Radhika},
  journal={Science},
  volume={345},
  number={6198},
  pages={795--799},
  year={2014},
  publisher={American Association for the Advancement of Science}
}

%SC in self driving cars
@inproceedings{cheng2019nn,
  title={{nn-dependability-kit: Engineering neural networks for safety-critical autonomous driving systems}},
  author={Cheng, Chih-Hong and Huang, Chung-Hao and N{\"u}hrenberg, Georg},
  booktitle={2019 IEEE/ACM International Conference on Computer-Aided Design (ICCAD)},
  pages={1--6},
  year={2019},
  organization={IEEE}
}

% Safety Critical robots survey
@article{guiochet2017safety,
  title={{Safety-critical advanced robots: A survey}},
  author={Guiochet, J{\'e}r{\'e}mie and Machin, Mathilde and Waeselynck, H{\'e}l{\`e}ne},
  journal={Robotics and Autonomous Systems},
  volume={94},
  pages={43--52},
  year={2017},
  publisher={Elsevier}
}

% Control Barrier Functions
@inproceedings{ames2019control,
  title={{Control barrier functions: Theory and applications}},
  author={Ames, Aaron D and Coogan, Samuel and Egerstedt, Magnus and Notomista, Gennaro and Sreenath, Koushil and Tabuada, Paulo},
  booktitle={2019 18th European control conference (ECC)},
  pages={3420--3431},
  year={2019},
  organization={IEEE}
}

% Robotarium
@article{wilson2020robotarium,
  title={{The Robotarium: Globally impactful opportunities, challenges, and lessons learned in remote-access, distributed control of multirobot systems}},
  author={Wilson, Sean and Glotfelter, Paul and Wang, Li and Mayya, Siddharth and Notomista, Gennaro and Mote, Mark and Egerstedt, Magnus},
  journal={IEEE Control Systems Magazine},
  volume={40},
  number={1},
  pages={26--44},
  year={2020},
  publisher={IEEE}
}

% Gritsbot
@inproceedings{pickem2015gritsbot,
  title={{The GRITSBot in its natural habitat-a multi-robot testbed}},
  author={Pickem, Daniel and Lee, Myron and Egerstedt, Magnus},
  booktitle={2015 IEEE International conference on robotics and automation (ICRA)},
  pages={4062--4067},
  year={2015},
  organization={IEEE}
}

% referenced in boids guidance for dynamic weight scaling
@article{crowther2004rule,
  title={{Rule-based guidance for flight vehicle flocking}},
  author={Crowther, WJ},
  journal={Proceedings of the Institution of Mechanical Engineers, Part G: Journal of Aerospace Engineering},
  volume={218},
  number={2},
  pages={111--124},
  year={2004},
  publisher={SAGE Publications Sage UK: London, England}
}

% Coast Guard ATONS
@techreport{brown1993overview,
  title={{Overview of the US Coast Guard Short Range Aids to Navigation Mission}},
  author={Brown, Kip and Blythe, Katherine and Schwenk, Judith and West, Mitch},
  year={1993},
  institution={JOHN A VOLPE NATIONAL TRANSPORTATION SYSTEMS CENTER CAMBRIDGE MA}
}

% Better coast guard ATONS
@book{CoastGuard,
 title={{U.S. Aids To Navigation System}},
 url={https://wow.uscgaux.info/Uploads_wowII/130-05-06/usaidstonavigationsystembooklet23dec03.pdf},
 publisher={United States Coast Guard, 13th District, Office of Boating Safety}
} 

% Bees communicating
@article{granovskiy2012dancing,
  title={{How dancing honey bees keep track of changes: The role of inspector bees}},
  author={Granovskiy, Boris and Latty, Tanya and Duncan, Michael and Sumpter, David JT and Beekman, Madeleine},
  journal={Behavioral Ecology},
  volume={23},
  number={3},
  pages={588--596},
  year={2012},
  publisher={Oxford University Press}
}

% Barrier function textbook
@book{nesterov2018lectures,
  title={{Lectures on convex optimization}},
  author={Nesterov, Yurii},
  volume={137},
  year={2018},
  publisher={Springer}
}

%Bee swarm algorithm
@article{schmickl2011beeclust,
  title={{BEECLUST: A swarm algorithm derived from honeybees}},
  author={Schmickl, Thomas and Hamann, Heiko},
  journal={Bio-inspired computing and communication networks},
  pages={95--137},
  year={2011},
  publisher={CRC Press Boca Raton, FL}
}

%Processing github
@misc{processing,
  note="\emph{Processing}. (4.0.1). [Online]. Available: https://github.com/processing/processing4"
}

% Senior capstone paper
@misc{capstone,
  note="{C. Hengstebeck, N. MacDonald, and G. Parker, ``Swarm Robotics," unpublished.}"
}

%from ICRA 2022, discrete CBF to create safety critical control
@inproceedings{thirugnanam2022safety,
  title={Safety-critical control and planning for obstacle avoidance between polytopes with control barrier functions},
  author={Thirugnanam, Akshay and Zeng, Jun and Sreenath, Koushil},
  booktitle={2022 International Conference on Robotics and Automation (ICRA)},
  pages={286--292},
  year={2022},
  organization={IEEE}
}






